<?xml version="1.0" encoding="UTF-8"?><record xmlns="http://www.loc.gov/MARC21/slim" xmlns:cinclude="http://apache.org/cocoon/include/1.0" xmlns:zs="http://www.loc.gov/zing/srw/">
  <leader>00623cz  a2200169n  4500</leader>
  <controlfield tag="001">no2009044702</controlfield>
  <controlfield tag="003">DLC</controlfield>
  <controlfield tag="005">20150309164239.0</controlfield>
  <controlfield tag="008">090323n| azannaabn          |b aaa     c</controlfield>
  <datafield tag="010" ind1=" " ind2=" ">
    <subfield code="a">no2009044702</subfield>
  </datafield>
  <datafield tag="035" ind1=" " ind2=" ">
    <subfield code="a">(OCoLC)oca08054417</subfield>
  </datafield>
  <datafield tag="040" ind1=" " ind2=" ">
    <subfield code="a">CPFT</subfield>
    <subfield code="b">eng</subfield>
    <subfield code="e">rda</subfield>
    <subfield code="c">CPFT</subfield>
    <subfield code="d">DLC</subfield>
  </datafield>
  <datafield tag="100" ind1="1" ind2=" ">
    <subfield code="a">Kim, Sun-ae</subfield>
  </datafield>
  <datafield tag="400" ind1="1" ind2=" ">
    <subfield code="a">김 순애</subfield>
  </datafield>
  <datafield tag="400" ind1="1" ind2=" ">
    <subfield code="a">金 順愛</subfield>
  </datafield>
  <datafield tag="667" ind1=" " ind2=" ">
    <subfield code="a">Non-Latin script reference not evaluated</subfield>
  </datafield>
  <datafield tag="670" ind1=" " ind2=" ">
    <subfield code="a">Na nŭn yojŭm kyohoe rŭl omgigo sipta, 1997:</subfield>
    <subfield code="b">t.p. (김 순애 = Kim Sun-ae) front flap (grad., Yŏnse Taehakkyo; kwŏnsa, Kwangnim Kyohoe; sŏnʼgyo hyŏmnyŏk silchang, Kidokkyo Tʻellebijŏn (CH42))</subfield>
  </datafield>
</record>